@article{1,
    author = "Richard Szeliski",
    title = "Computer Vision: Algorithms and Applications",
    year = "2001"
}

@article{2,
    author = "Rafael C. Gonzalez",
    title = "Digital Image Processing",
    year = "2002"
}

@article{3,
    author = "Adrian Kaehler and Gary Bradsk",
    title = "Learning OpenCV 3",
    year = "2016"
}